<record><leader>00000cas a2200000 a 4500</leader><controlfield tag="001">34940181</controlfield><controlfield tag="008">960617d18841uuumiuwr ne      0    0eng c</controlfield><datafield ind1=" " ind2=" " tag="010"><subfield code="a">sn 96076721 </subfield></datafield><datafield ind1=" " ind2=" " tag="040"><subfield code="a">MHN</subfield><subfield code="b">eng</subfield><subfield code="c">MHN</subfield><subfield code="d">OCL</subfield><subfield code="d">OCLCQ</subfield><subfield code="d">MHN</subfield><subfield code="d">OCLCQ</subfield><subfield code="d">OCLCF</subfield></datafield><datafield ind1="1" ind2=" " tag="029"><subfield code="a">AU@</subfield><subfield code="b">000012570487</subfield></datafield><datafield ind1=" " ind2=" " tag="042"><subfield code="a">pcc</subfield></datafield><datafield ind1=" " ind2=" " tag="043"><subfield code="a">n-us-mi</subfield></datafield><datafield ind1="0" ind2="4" tag="245"><subfield code="a">The Capac argus.</subfield></datafield><datafield ind1=" " ind2=" " tag="260"><subfield code="a">Capac, Saint Clair County, Mich. :</subfield><subfield code="b">Bottomley &amp; Praker</subfield></datafield><datafield ind1=" " ind2=" " tag="300"><subfield code="a">v.</subfield></datafield><datafield ind1=" " ind2=" " tag="310"><subfield code="a">Weekly</subfield></datafield><datafield ind1="0" ind2=" " tag="362"><subfield code="a">Vol. 1, no. [1] (May 16, 1884)-</subfield></datafield><datafield ind1=" " ind2=" " tag="500"><subfield code="a">Part of page 1 missing from issue: May 16, 1884.</subfield></datafield><datafield ind1=" " ind2="0" tag="651"><subfield code="a">Capac (Mich.)</subfield><subfield code="v">Newspapers.</subfield></datafield><datafield ind1=" " ind2="0" tag="651"><subfield code="a">Saint Clair County (Mich.)</subfield><subfield code="v">Newspapers.</subfield></datafield><datafield ind1=" " ind2="7" tag="655"><subfield code="a">Newspapers.</subfield><subfield code="2">fast</subfield><subfield code="0">(OCoLC)fst01423814</subfield></datafield><datafield ind1=" " ind2="7" tag="651"><subfield code="a">Michigan</subfield><subfield code="z">Capac.</subfield><subfield code="2">fast</subfield><subfield code="0">(OCoLC)fst01231831</subfield></datafield><datafield ind1=" " ind2="7" tag="651"><subfield code="a">Michigan</subfield><subfield code="z">Saint Clair County.</subfield><subfield code="2">fast</subfield><subfield code="0">(OCoLC)fst01218750</subfield></datafield><datafield ind1=" " ind2=" " tag="752"><subfield code="a">United States</subfield><subfield code="b">Michigan</subfield><subfield code="c">Saint Clair</subfield><subfield code="d">Capac.</subfield></datafield></record>